@misc{github,
 author = "GitHub",
 title = "GitHub",
 howpublished = "\url{https://github.com/}"
}

@misc{pivotal,
 author = "PivotalTracker",
 title = "PivotalTracker",
 howpublished = "\url{http://www.pivotaltracker.com/}"
}

@article{moscow,
    author    = "Stephanie Famuyide",
    title     = "MoSCoW: Requirements Prioritization Technique",
    howpublished   = "\url{http://businessanalystlearnings.com/ba-techniques/2013/3/5/moscow-technique-requirements-prioritization}",
}

@phdthesis{genofix,
    author    = "Jerry Swan, Michael G. Epitropakis and John R. Woodward",
    title     = "Gen-O-Fix: An embeddable framework for Dynamic Adaptive Genetic Improvement Programming",
    school    = "Department of Computing Science and Mathematics; University of Stirling",
    year      = "2014",
}

@phdthesis{softrepair,
    author    = "Stephanie Forrest, ThanhVu Nguyen, Westley Weimer, Claire Le Goues",
    title     = "A Genetic Programming Approach to Automated Software Repair",
    school    = "Dept. of Computer Science of University of New Mexico and University of Virginia",
    year      = "2009",
}